<record><leader>00000cas a22000007a 4500</leader><controlfield tag="001">19766046</controlfield><controlfield tag="008">890525d19uu1938nduwr ne      0    0eng d</controlfield><datafield ind1=" " ind2=" " tag="010"><subfield code="a">sn 89074132 </subfield></datafield><datafield ind1=" " ind2=" " tag="040"><subfield code="a">NOP</subfield><subfield code="b">eng</subfield><subfield code="c">NOP</subfield><subfield code="d">OCLCQ</subfield></datafield><datafield ind1=" " ind2=" " tag="042"><subfield code="a">msc</subfield></datafield><datafield ind1="0" ind2="0" tag="245"><subfield code="a">Dunn County spotlight.</subfield></datafield><datafield ind1=" " ind2=" " tag="260"><subfield code="a">Werner, N.D. :</subfield><subfield code="b">Hugh Black</subfield></datafield><datafield ind1=" " ind2=" " tag="300"><subfield code="a">v. :</subfield><subfield code="b">ill. ;</subfield><subfield code="c">56 cm.</subfield></datafield><datafield ind1="1" ind2=" " tag="362"><subfield code="a">Ceased in Sept. 1938?</subfield></datafield><datafield ind1=" " ind2=" " tag="500"><subfield code="a">Published at Werner, N.D., - Jan. 21, 1937; at Dunn Center, N.D., Jan. 28, 1937-</subfield></datafield><datafield ind1=" " ind2=" " tag="530"><subfield code="a">Available on microfilm from the State Historical Society of North Dakota.</subfield></datafield><datafield ind1=" " ind2=" " tag="588"><subfield code="a">Description based on: Vol. 12, no. 1 (Sept. 4, 1931).</subfield></datafield><datafield ind1=" " ind2=" " tag="752"><subfield code="a">United States</subfield><subfield code="b">North Dakota</subfield><subfield code="c">Dunn</subfield><subfield code="d">Dunn Center.</subfield></datafield><datafield ind1=" " ind2=" " tag="752"><subfield code="a">United States</subfield><subfield code="b">North Dakota</subfield><subfield code="c">Dunn</subfield><subfield code="d">Werner.</subfield></datafield><datafield ind1="0" ind2="0" tag="780"><subfield code="t">Dunn County spotlight and Werner record</subfield><subfield code="w">(DLC)sn 89074138</subfield></datafield><datafield ind1="0" ind2="4" tag="785"><subfield code="t">Dickinson press and Dickinson recorder-post, Richardton times and Belfied review</subfield><subfield code="w">(DLC)sn 88076016</subfield></datafield></record>